@phdthesis{1,
  author       = {Peter Joslin}, 
  title        = {The title of the work},
  school       = {The school where the thesis was written},
  year         = 1993,
  address      = {The address of the publisher},
  month        = 7,
  note         = {An optional note}
}

@article{1,
  title={Ultrafast cardiac ultrasound imaging: technical principles, applications, and clinical benefits},
  author={Cikes, Maja and Tong, Ling and Sutherland, George R and Dâ€™hooge, Jan},
  journal={JACC: Cardiovascular Imaging},
  volume={7},
  number={8},
  pages={812--823},
  year={2014},
  publisher={Journal of the American College of Cardiology}
}

@ARTICLE{2, 
author={Provost, J. and Wei-Ning Lee and Fujikura, K. and Konofagou, E.E.}, 
journal={Medical Imaging, IEEE Transactions on}, 
title={Electromechanical Wave Imaging of Normal and Ischemic Hearts In Vivo}, 
year={2010}, 
volume={29}, 
number={3}, 
pages={625-635}, 
keywords={biomechanics;deformation;echocardiography;electrocardiography;image matching;image motion analysis;image reconstruction;image segmentation;medical image processing;ECG;QRS complex;contour tracking method;deformations;displacements;echocardiography;electrical activation;electromechanical wave imaging;image reconstruction;image segmentation;ischemic hearts;left-anterior descending coronary artery flow;motion matching;myocardium;radiofrequency frames;semiautomated method;sinus rhythm;strains;ultrasound-based imaging modality;Capacitive sensors;Dogs;Electrocardiography;Heart;In vivo;Ischemic pain;Mice;Radio frequency;Rhythm;Ultrasonic imaging;Electrical mapping;electromechanical wave imaging;high framerate echocardiography;ischemia;radio-frequency speckle-tracking;Algorithms;Animals;Dogs;Echocardiography;Heart Conduction System;Humans;Ischemia;Male;Myocardial Contraction;Signal Processing, Computer-Assisted}, 
doi={10.1109/TMI.2009.2030186}, 
ISSN={0278-0062}, 
month={March},}