@misc{1,
  title = {National Instrument Documentation},
  howpublished = {\url{\href{http://www.ni.com/white-paper/6984/en/}{http://www.ni.com/white-paper/6984/en/}}},
  note = {Accessed: 2015-10-15}
}