@article{1,
  title={Ultrafast cardiac ultrasound imaging: technical principles, applications, and clinical benefits},
  author={Cikes, Maja and Tong, Ling and Sutherland, George R and Dâ€™hooge, Jan},
  journal={JACC: Cardiovascular Imaging},
  volume={7},
  number={8},
  pages={812--823},
  year={2014},
  howpublished = "\url{http://aiweb.techfak.uni-bielefeld.de/content/bworld-robot-control-software/}",
  publisher={Journal of the American College of Cardiology}
}

@ARTICLE{2, 
author={Provost, J. and Wei-Ning Lee and Fujikura, K. and Konofagou, E.E.}, 
journal={Medical Imaging, IEEE Transactions on}, 
title={Electromechanical Wave Imaging of Normal and Ischemic Hearts In Vivo}, 
year={2010}, 
volume={29}, 
number={3}, 
pages={625-635}, 
keywords={biomechanics;deformation;echocardiography;electrocardiography;image matching;image motion analysis;image reconstruction;image segmentation;medical image processing;ECG;QRS complex;contour tracking method;deformations;displacements;echocardiography;electrical activation;electromechanical wave imaging;image reconstruction;image segmentation;ischemic hearts;left-anterior descending coronary artery flow;motion matching;myocardium;radiofrequency frames;semiautomated method;sinus rhythm;strains;ultrasound-based imaging modality;Capacitive sensors;Dogs;Electrocardiography;Heart;In vivo;Ischemic pain;Mice;Radio frequency;Rhythm;Ultrasonic imaging;Electrical mapping;electromechanical wave imaging;high framerate echocardiography;ischemia;radio-frequency speckle-tracking;Algorithms;Animals;Dogs;Echocardiography;Heart Conduction System;Humans;Ischemia;Male;Myocardial Contraction;Signal Processing, Computer-Assisted}, 
doi={10.1109/TMI.2009.2030186}, 
ISSN={0278-0062}, 
month={March},}

@ARTICLE{3, 
author={Shougang Wang and Wei-Ning Lee and Provost, J. and Jianwen Luo and Konofagou, E.E.}, 
journal={Ultrasonics, Ferroelectrics, and Frequency Control, IEEE Transactions on}, 
title={A composite high-frame-rate system for clinical cardiovascular imaging}, 
year={2008}, 
volume={55}, 
number={10}, 
pages={2221-2233}, 
keywords={blood vessels;cardiovascular system;data acquisition;diseases;echocardiography;electrocardiography;image reconstruction;image resolution;medical image processing;B-mode reconstruction;ECG-gating technique;RF mode reconstruction;abdominal aorta;abdominal aortic aneurysms;arrhythmia;automated multisector ultrasound imaging;cardiovascular disease;cardiovascular elasticity imaging;cineloop;clinical cardiovascular imaging techniques;depth 11 cm;early-stage atherosclerosis;echocardiogram;electromechanical wave imaging;full-view imaging;healthy human subjects;high frame-rate ultrasound RF data acquisition;high-precision myocardial elastography;left ventricle;myocardial infarction;myocardial ischemia;noninvasive diagnosis;open architecture system;personal computer;pulse wave imaging;retrospective electrocardiogram;single breath-hold duration;standard clinical ultrasound systems;temporal resolution;ultrasound RF signals;Abdomen;Biomedical imaging;Cardiology;Data acquisition;Electrocardiography;High-resolution imaging;Myocardium;Radio frequency;Standards development;Ultrasonic imaging;Algorithms;Echocardiography;Elasticity Imaging Techniques;Humans;Image Enhancement;Image Interpretation, Computer-Assisted;Reproducibility of Results;Sensitivity and Specificity}, 
doi={10.1109/TUFFC.921}, 
ISSN={0885-3010}, 
month={October},}


@article{4,
   author = "Shattuck, David P. and Weinshenker, Marc D. and Smith, Stephen W. and von Ramm, Olaf T.",
   title = "Explososcan: A parallel processing technique for high speed ultrasound imaging with linear phased arrays",
   journal = "The Journal of the Acoustical Society of America",
   year = "1984",
   volume = "75",
   number = "4", 
   eid = ,
   pages = "1273-1282",
   url = "http://scitation.aip.org/content/asa/journal/jasa/75/4/10.1121/1.390734",
   doi = "http://dx.doi.org/10.1121/1.390734" 
}


@ARTICLE{5, 
author={Tong, L. and Gao, H. and Choi, H.F. and D'hooge, J.}, 
journal={Ultrasonics, Ferroelectrics, and Frequency Control, IEEE Transactions on}, 
title={Comparison of conventional parallel beamforming with plane wave and diverging wave imaging for cardiac applications: a simulation study}, 
year={2012}, 
volume={59}, 
number={8}, 
pages={1654-1663}, 
keywords={Acoustics;Apertures;Array signal processing;Azimuth;Focusing;Transducers;Analysis of Variance;Computer Simulation;Echocardiography;Image Processing, Computer-Assisted;Models, Theoretical;Phantoms, Imaging;Transducers}, 
doi={10.1109/TUFFC.2012.2371}, 
ISSN={0885-3010}, 
month={August},}

@ARTICLE{6, 
author={Ling Tong and Hang Gao and D'hooge, J.}, 
journal={Ultrasonics, Ferroelectrics, and Frequency Control, IEEE Transactions on}, 
title={Multi-transmit beam forming for fast cardiac imaging-a simulation study}, 
year={2013}, 
volume={60}, 
number={8}, 
pages={1719-1731}, 
keywords={array signal processing;biomedical ultrasonics;cardiology;crosstalk;medical image processing;ultrasonic imaging;1podization;4MLT imaging system;Gaussian configuration;Hamming configuration;Hann configuration;MLT beam opening angle;Nuttall configuration;Tukey configuration;cardiac transducer configuration;cosine configuration;cross talk artifacts;fast cardiac imaging;image quality;multitransmit beam forming;point spread function;potential diagnostic value;rectangular configuration;temporal resolution;transient cardiac phase;windowing function;Acoustic beams;Acoustics;Apertures;Arrays;Crystals;Imaging;Transducers}, 
doi={10.1109/TUFFC.2013.2753}, 
ISSN={0885-3010}, 
month={August},}


@INPROCEEDINGS{7, 
author={Ling Tong and Ortega, A. and Hang Gao and D'hooge, J.}, 
booktitle={Ultrasonics Symposium (IUS), 2013 IEEE International}, 
title={Fast three-dimensional ultrasound cardiac imaging using multi-transmit beam forming: A simulation study}, 
year={2013}, 
pages={1456-1459}, 
keywords={biomedical transducers;biomedical ultrasonics;cardiology;extrapolation;graphics processing units;image denoising;image resolution;medical image processing;ultrasonic imaging;ultrasonic transducer arrays;2D Tukey apodization;2D phased array;2D transducer aperture;C-plane two-way beam profiles;GPU-based implementation;clinical practice;extrapolation;fast three-dimensional ultrasound cardiac imaging;fast volumetric imaging;frequency 2.5 MHz;impulse response method;multiline transmit system;multitransmit beamforming;parallel receive lines;relatively low spatiotemporal resolution;signal-to-noise ratio;spatial resolution;volumetric cardiac ultrasound systems;volumetric images;volumetric imaging;Apertures;Heart;Imaging;Signal to noise ratio;Spatial resolution;Three-dimensional displays;Transducers;3D imaging;high frame rate;multi-line transmit beam forming;volumetric imaging}, 
doi={10.1109/ULTSYM.2013.0369}, 
ISSN={1948-5719}, 
month={July},}